@manual{V501-und-V502,
  author = {TU Dortmund},
  title = {V501 und V502 - Elektronen im elektr. und im magn. Feld},
  year = 2019
}

@online{elektron,
  author = {National Institute of Standards and Technology},
  title = {CODATA Value: electron charge to mass quotient},
  year = {2019},
  month = {5},
  url = {https://physics.nist.gov/cgi-bin/cuu/Value?esme}
}

@online{erdmagnet,
  author = {GFZ German Research Centre For Geosciences},
  title = {ISDC: IGRF Declination Calculator},
  year = {2019},
  month = {5},
  url = {http://isdc.gfz-potsdam.de/igrf-declination-calculator/}
}